@misc{paper,
  author = {Veerman, G., Breuk, R.},
  title = {Database Load Balancing, MySQL 5.5 vs PostgreSQL 9.1},
  howpublished  = {\url{https://www.os3.nl/\_media/2011-2012/courses/lia/rory\_breuk\_gerrie\_veerman\_-\_report.pdf}},
}
@misc{pgbench,
  author = {PostgreSQL Global Development Group},
  title = {Run a benchmark test on PostgreSQL},
  howpublished  = {\url{https://www.postgresql.org/docs/10/pgbench.html}},
}